@article{cobbdouglas1928,
  title={A Theory of Production},
  author={Cobb, Charles W and Douglas, Paul H},
  journal={The American Economic Review},
  volume={18},
  number={1},
  pages={139--165},
  year={1928},
  publisher={American Economic Association}
}

@article{desisternes2016,
  title={The value of energy storage in decarbonizing the electricity sector},
  author={De Sisternes, Fernando J and Jenkins, Jesse D and Botterud, Audun},
  journal={Applied Energy},
  volume={175},
  pages={368--379},
  year={2016},
  publisher={Elsevier}
}

@article{kmenta1967,
  title={On estimation of the CES production function},
  author={Kmenta, Jan},
  journal={International Economic Review},
  volume={8},
  number={2},
  pages={180--189},
  year={1967},
  publisher={JSTOR}
}

@article{segal2003,
  title={A multi-product cost study of the US life insurance industry},
  author={Segal, Dan},
  journal={Review of Quantitative Finance and Accounting},
  volume={20},
  number={2},
  pages={169--186},
  year={2003},
  publisher={Springer}
}

@article{berthelemy2015,
  title={Nuclear reactors' construction costs: The role of lead-time, standardization and technological progress},
  author={Berth{\'e}lemy, Michel and Rangel, Lina Escobar},
  journal={Energy Policy},
  volume={82},
  pages={118--130},
  year={2015},
  publisher={Elsevier}
}

@article{ray1982,
  title={A translog cost function analysis of US agriculture, 1939--77},
  author={Ray, Subhash C},
  journal={American Journal of Agricultural Economics},
  volume={64},
  number={3},
  pages={490--498},
  year={1982},
  publisher={Wiley Online Library}
}

@article{bogart2010,
  title={A global perspective on railway inefficiency and the rise of state ownership, 1880--1912},
  author={Bogart, Dan},
  journal={Explorations in Economic History},
  volume={47},
  number={2},
  pages={158--178},
  year={2010},
  publisher={Elsevier}
}

@book{burnhamanderson1998,
  title={Model Selection and Multimodel Inferenc},
  author={Burnham, Kenneth P. and Anderson, David R.},
  edition=1,
  year={1998},
  publisher={Springer}
}

@article{burnham2004,
  title={Multimodel inference: understanding AIC and BIC in model selection},
  author={Burnham, Kenneth P and Anderson, David R},
  journal={Sociological Methods \& Rsearch},
  volume={33},
  number={2},
  pages={261--304},
  year={2004},
  publisher={Sage Publications Sage CA: Thousand Oaks, CA}
}

@article{akaike1974,
  title={A new look at the statistical model identification},
  author={Akaike, Hirotugu},
  journal={IEEE Transactions on Automatic Control},
  volume={19},
  number={6},
  pages={716--723},
  year={1974},
  publisher={IEEE}
}

@article{akaike1978,
  title={On the Likelihood of a Time Series Model},
  author={Akaike, Hirotugu},
  journal={Journal of the Royal Statistical Society, Series D (The Statistician)},
  volume={27},
  number={3/4},
  pages={217--235},
  year={1978}
}

@article{cleveland1979,
  title={Robust locally weighted regression and smoothing scatterplots},
  author={Cleveland, William S},
  journal={Journal of the American statistical association},
  volume={74},
  number={368},
  pages={829--836},
  year={1979},
  publisher={Taylor \& Francis}
}

@article{miller1984,
  title={Reducing transformation bias in curve fitting},
  author={Miller, Don M},
  journal={The American Statistician},
  volume={38},
  number={2},
  pages={124--126},
  year={1984},
  publisher={Taylor \& Francis}
}

@article{burbidge1988,
  title={Alternative Transformations to Handle Extreme Values of the Dependent Variable},
  author={Burbidge, John B. and Magee, Lonnie and Robb, A. Leslie},
  journal={Journal of the American Statistical Association},
  volume={83},
  number={401},
  pages={123--127},
  year={1988},
  publisher={Taylor \& Francis Group}
}

@article{bellemare2019,
  title={Elasticities and the Inverse Hyperbolic Sine Transformation},
  author={Bellemare, Marc F. and Wichman, Casey J.},
  journal={Oxford Bulletin of Economics and Statistics},
  year={2019},
  publisher={Wiley Online Library}
}

@article{simpson1951,
  title={The interpretation of interaction in contingency tables},
  author={Simpson, Edward H},
  journal={Journal of the Royal Statistical Society: Series B (Methodological)},
  volume={13},
  number={2},
  pages={238--241},
  year={1951},
  publisher={Wiley Online Library}
}

@article{blyth1972,
  title={On Simpson's paradox and the sure-thing principle},
  author={Blyth, Colin R},
  journal={Journal of the American Statistical Association},
  volume={67},
  number={338},
  pages={364--366},
  year={1972},
  publisher={Taylor \& Francis}
}

@article{wright1936,
  title={Factors Affecting the Cost of Airplanes},
  author={Wright, Theodore P},
  journal={Journal of the Aeronautical Sciences},
  volume={3},
  number={4},
  pages={122--128},
  year={1936}
}

@article{rubin2015,
  title={A Review of Learning Rates for Electricity Supply Technologies},
  author={Rubin, Edward S. and Azevedo, In{\^e}s ML and Jaramillo, Paulina and Yeh, Sonia},
  journal={Energy Policy},
  volume={86},
  pages={198--218},
  year={2015},
  publisher={Elsevier}
}

@misc{ATB2020,
  title={{Annual Technology Baseline}},
  author={{National Renewable Energy Laboratory}},
  year={2020},
  note={\url{https://atb.nrel.gov/}}
}

@techreport{TTS2022,
  title={Tracking the Sun: Pricing and Design Trends for Distributed Photovoltaic Systems in the United States, 2022 Edition},
  author={Galen Barbose and Na\"{i}m Darghouse and Eric O'Shaughnessy and Sydney Forrester},
  institution={Lawrence Berkeley National Laboratory},
  year={2022},
  note={\url{http://trackingthesun.lbl.gov/}}
}

@other{ATB2022,
  title={Annual Technology Baseline},
  author={{National Renewable Energy Laboratory}},
  year={2022},
  note={\url{https://atb.nrel.gov/electricity/2022/data}}
}

@techreport{ramasamy2021,
  title={U.S. Solar Photovoltaic System and Energy Storage Cost Benchmarks: Q1 2021},
  author={Vignesh Ramasamy and David Feldman and Jal Desai and Robert Margolis},
  institution={National Renewable Energy Laboratory},
  year={2021},
  note={NREL/TP-7A40-80694}
}

@techreport{LazardLCOSv7,
  title={Lazard's Levelized Cost of Storage Analysis, Version 7.0},
  author={Lazard},
  year={2021},
  note={\url{https://www.lazard.com/media/451882/lazards-levelized-cost-of-storage-version-70-vf.pdf}}
}

@other{EnergySage2021,
  title={EnergySage Solar Marketplace Intel Report, 13\textsuperscript{th} Edition},
  author={EnergySage},
  year={2021},
  note={\url{https://www.energysage.com/data/\#intel-13}}
}

@other{EnergySage2022a,
  title={EnergySage Solar Marketplace Intel Report, 14\textsuperscript{th} Edition},
  author={EnergySage},
  year={2022},
  note={\url{https://www.energysage.com/data/\#intel-14}}
}

@other{EnergySage2022b,
  title={EnergySage Solar Marketplace Intel Report, 15\textsuperscript{th} Edition},
  author={EnergySage},
  year={2022},
  note={\url{https://www.energysage.com/data/\#intel-15}}
}

@techreport{mongird2019,
  title={Energy Storage Technology and Cost Characterization Report},
  author={K Mongird and V Fotedar and V Viswanathan and V Koritarov and P Balducci and B Hadjerioua and J Alam},
  institution={Pacific Northwest National Laboratory},
  year={2019},
  note={PNNL-28866}
}

@techreport{viswanathan2022,
  title={Energy Storage Grand Challenge Cost and Performance Assessment 2022},
  author={Vilayanur Viswanathan and Kendall Mongird and Ryan Franks and Xiaolin Li and Vincent Sprenkle and Richard Baxter},
  year={2022},
  institution={Pacific Northwest National Laboratory},
  note={PNNL-33283}
}

@techreport{sargentlundy2019,
  title={Capital Cost Study: Cost and Performance Estimates for New Utility-Scale Electric Power Generating Technologies},
  author={{Sargent \& Lundy}},
  year={2019},
  note={Prepared for the U.S. Energy Information Agency. Contract No. 89303019CEI00022. SL-014940. Project No. 13651.005.}
}

@article{dietrich2018,
 title = {What drives profitability of grid-connected residential PV storage systems? A closer look with focus on Germany},
 journal = {Energy Economics},
 volume = {74},
 pages = {399-416},
 year = {2018},
 author = {Andreas Dietrich and Christoph Weber},
}

@techreport{augustineblair2021,
  title={Storage Futures Study: Storage Technology Modeling Input Data Report},
  author={Augustine, Chad and Blair, Nate},
  year={2021},
  institution={National Renewable Energy Laboratory},
  note={NREL/TP-5700-78694}
}  

@techreport{EPRI2020,
  title={Battery Energy Storage Lifecycle Cost Assessment Summary, 2020},
  author={{Electric Power Research Institute}},
  year={2020},
  note={3002020048},
  shorthand={EPRI (2020)}
}

@techreport{mongird2020,
  title={2020 Grid Energy Storage Technology Cost and Performance Assessment},
  author={Kendall Mongird and Vilayanur Viswanathan and Jan Alam and Charlie Vartanian and Vincent Sprenkle},
  year={2020},
  institution={Pacific Northwest National Laboratory},
  note={DOE/PA-0204}
}  

@article{schmidt2019,
  title={Projecting the future levelized cost of electricity storage technologies},
  author={Schmidt, Oliver and Melchior, Sylvain and Hawkes, Adam and Staffell, Iain},
  journal={Joule},
  volume={3},
  number={1},
  pages={81--100},
  year={2019},
  publisher={Elsevier}
}

@article{comello2019,
  title={The emergence of cost effective battery storage},
  author={Comello, Stephen and Reichelstein, Stefan},
  journal={Nature Communications},
  volume={10},
  number={1},
  pages={1--9},
  year={2019},
  publisher={Nature Publishing Group}
}

@article{tsai2020,
  title={Techno-economic and sizing analysis of battery energy storage system for behind-the-meter application},
  author={Tsai, Chih-Ta and Ocampo, Erica M and Beza, Teketay Mulu and Kuo, Cheng-Chien},
  journal={IEEE Access},
  volume={8},
  pages={203734--203746},
  year={2020},
  publisher={IEEE}
}

@article{battke2013,
  title={A review and probabilistic model of lifecycle costs of stationary batteries in multiple applications},
  author={Battke, Benedikt and Schmidt, Tobias S and Grosspietsch, David and Hoffmann, Volker H},
  journal={Renewable and Sustainable Energy Reviews},
  volume={25},
  pages={240--250},
  year={2013},
  publisher={Elsevier}
}

@article{kittner2017,
  title={Energy storage deployment and innovation for the clean energy transition},
  author={Kittner, Noah and Lill, Felix and Kammen, Daniel M},
  journal={Nature Energy},
  volume={2},
  number={9},
  pages={1--6},
  year={2017},
  publisher={Nature Publishing Group}
}

@article{zakeri2015,
  title={Electrical energy storage systems: A comparative life cycle cost analysis},
  author={Zakeri, Behnam and Syri, Sanna},
  journal={Renewable and sustainable energy reviews},
  volume={42},
  pages={569--596},
  year={2015},
  publisher={Elsevier}
}

@article{obi2017,
  title={Calculation of levelized costs of electricity for various electrical energy storage systems},
  author={Obi, Manasseh and Jensen, Shauna M and Ferris, Jennifer B and Bass, Robert B},
  journal={Renewable and Sustainable Energy Reviews},
  volume={67},
  pages={908--920},
  year={2017},
  publisher={Elsevier}
}

@article{vorrath2016,
 title={Tesla Powerwall 2 Price Disrupting The Market For Real!},
 author={Sophie Vorrath},
 journal={CleanTechnica},
 year={2016},
 month={11},
 day={13},
 note={\url{https://cleantechnica.com/2016/11/13/tesla-powerwall-2-price-disrupting-market-real}}
}

@article{peacock2016,
 title={Graph of the Day – Tesla Powerwall 2 way ahead of competition on price},
 author={Finn Peacock},
 journal={RenewEconomy},
 year={2016},
 month={11},
 day={28},
 note={\url{http://reneweconomy.com.au/graph-of-the-day-tesla-powerwall-2-way-ahead-of-competition-on-price-62928}}
}

@article{peacock2017,
 title={Battery price war sees Tesla Powerwall 2 beaten even before first deliveries},
 author={Finn Peacock},
 journal={RenewEconomy},
 year={2017},
 month={3},
 day={1},
 note={\url{https://reneweconomy.com.au/battery-price-war-sees-tesla-powerwall-2-beaten-even-before-first-deliveries-44252/}}
}

@article{lambert2016a,
 title={Tesla Powerwall 2 is a game changer in home energy storage: 14 kWh w/ inverter for \$5,500},
 author={Frederic Lambert},
 journal={Elek},
 year={2016},
 month={10},
 day={28},
 note={\url{https://electrek.co/2016/10/28/tesla-powerwall-2-game-changer-in-home-energy-storage-14-kwh-inverter-5500/}}
}

@article{lambert2016b,
 title={Tesla Powerwall 2 has no competition – comparison with LG Resu and SonnenBatterie},
 author={Frederic Lambert},
 journal={Electrek},
 year={2016},
 month={10},
 day={31},
 note={\url{https://electrek.co/2016/10/31/tesla-powerwall-2-comparison-lg-resu-sonnenbatterie/}}
}

@article{dyatkin2020,
  title={COVID-19 disrupts battery materials and manufacture supply chains, but outlook remains strong},
  author={Dyatkin, Boris and Meng, Y Shirley},
  journal={MRS Bulletin},
  volume={45},
  number={9},
  pages={700--702},
  year={2020},
  publisher={Cambridge University Press}
}

@misc{DSIRE_sales_CA,
 title={Sales and Use Tax Exemption for Electric Power Generation and Storage Equipment},
 author={Lips, Brian and Sarkisian, David},
 journal={Database of State Incentives for Renewables \& Efficiency},
 year={2021},
 note={\url{https://programs.dsireusa.org/system/program/detail/22048/sales-and-use-tax-exemption-for-electric-power-generation-and-storage-equipment}}
}

@misc{PCEPI,
 title={Personal Consumption Expenditures: Chain-type Price Index},
 author={U.S. Bureau of Economic Analysis},
 year={2022},
 note={retreived from FRED, Federal Reserve Bank of St. Louis, \url{https://fred.stlouisfed.org/series/PCEPI}}
}

@misc{BEA_county_income,
 title={Personal Income by County, Metro, and Other Areas},
 author={U.S. Bureau of Economic Analysis},
 year={2021},
 note={\url{https://www.bea.gov/data/income-saving/personal-income-county-metro-and-other-areas}}
}

@misc{BLS_OEWS,
 title={Occupational Employment and Wage Statistics},
 author={U.S. Bureau of Labor Statistics},
 year={2022},
 note={\url{https://www.bls.gov/oes/}}
}

@misc{CPUC_IRP,
 title={Inputs \& Assumptions: 2019-2020 Integrated Resource Planning},
 author={California Public Utilities Commission},
 year={2019},
 note={\url{ftp://ftp.cpuc.ca.gov/energy/modeling/Inputs\%20\%20Assumptions\%202019-2020\%20CPUC\%20IRP\%202020-02-27.pdf}}
}

@misc{D16_06_055,
 title={D.16-06-055. Decision Revising the Self-Generation Incentive Program Pursuant to Senate Bill 861, Assembly Bill 1478, and Implementing Other Changes},
 author={California Public Utilities Commission},
 year={2016},
 month={June},
 day={23},
 note={\url{https://docs.cpuc.ca.gov/PublishedDocs/Published/G000/M163/K928/163928075.PDF}}
}

@misc{D20_01_021,
 title={D.20-01-021. Self-Generation Incentive Program Revisions Pursuant to Senate Bill 700 and Other Program Changes},
 author={California Public Utilities Commission},
 year={2020},
 month={January},
 day={16},
 note={\url{https://docs.cpuc.ca.gov/PublishedDocs/Published/G000/M325/K979/325979689.PDF}}
}

@misc{SGIP_2022,
 title={Self-Generation Incentive Program: Handbook},
 author={SGIP Administrators},
 year={2022},
 note={\url{https://www.selfgenca.com/documents/handbook/2022}}
}

@article{norton1984,
  title={The double exponential distribution: Using calculus to find a maximum likelihood estimator},
  author={Norton, Robert M},
  journal={The American Statistician},
  volume={38},
  number={2},
  pages={135--136},
  year={1984},
  publisher={Taylor \& Francis}
}

@book{kotz2001,
  title={The Laplace distribution and generalizations: a revisit with applications to communications, economics, engineering, and finance},
  author={Kotz, Samuel and Kozubowski, Tomasz and Podg{\'o}rski, Krzysztof},
  number={183},
  year={2001},
  publisher={Springer Science \& Business Media}
}